@article{1989GeCoA..53..197A,
  author = {{Anders}, E. and {Grevesse}, N.},
  journal = {\gca},
  month = {jan},
  pages = {197-214},
  title = {{Abundances of the elements - Meteoritic and solar}},
  volume = {53},
  year = {1989},
}


@inproceedings{2005ASPC..336...25A,
  author = {{Asplund}, M. and {Grevesse}, N. and {Sauval}, A.~J.},
  booktitle = {Cosmic Abundances as Records of Stellar Evolution and Nucleosynthesis},
  editor = {{Barnes}, III, T.~G. and {Bash}, F.~N.},
  month = {sep},
  pages = {25},
  series = {Astronomical Society of the Pacific Conference Series},
  title = {{The Solar Chemical Composition}},
  volume = {336},
  year = {2005},
}


@article{2009ARA&A..47..481A,
  author = {{Asplund}, M. and {Grevesse}, N. and {Sauval}, A.~J. and {Scott}, P.},
  journal = {\araa},
  month = {sep},
  pages = {481-522},
  title = {{The Chemical Composition of the Sun}},
  volume = {47},
  year = {2009},
}


@article{1998SSRv...85..161G,
  author = {{Grevesse}, N. and {Sauval}, A.~J.},
  journal = {\ssr},
  month = {may},
  pages = {161-174},
  title = {{Standard Solar Composition}},
  volume = {85},
  year = {1998},
}


@article{2007SSRv..130..105G,
  author = {{Grevesse}, N. and {Asplund}, M. and {Sauval}, A.~J.},
  journal = {\ssr},
  month = {jun},
  pages = {105-114},
  title = {{The Solar Chemical Composition}},
  volume = {130},
  year = {2007},
}


@article{2010Ap&SS.328..179G,
  author = {{Grevesse}, N. and {Asplund}, M. and {Sauval}, A.~J. and {Scott}, P.},
  journal = {\apss},
  month = {jul},
  pages = {179-183},
  title = {{The chemical composition of the Sun}},
  volume = {328},
  year = {2010},
}


@inproceedings{2012ASPC..462...41G,
  author = {{Grevesse}, N. and {Asplund}, M. and {Sauval}, A.~J. and {Scott}, P.},
  booktitle = {Progress in Solar/Stellar Physics with Helio- and Asteroseismology},
  editor = {{Shibahashi}, H. and {Takata}, M. and {Lynas-Gray}, A.~E.},
  month = {sep},
  pages = {41},
  series = {Astronomical Society of the Pacific Conference Series},
  title = {{The New Solar Chemical Composition {\mdash} from Z = 0.02 to Z = 0.013}},
  volume = {462},
  year = {2012},
}


@article{2015A&A...573A..27G,
  author = {{Grevesse}, N. and {Scott}, P. and {Asplund}, M. and {Sauval}, A.~J.},
  journal = {\aap},
  month = {jan},
  pages = {A27},
  title = {{The elemental composition of the Sun. III. The heavy elements Cu to Th}},
  volume = {573},
  year = {2015},
}


@article{2015A&A...573A..25S,
  author = {{Scott}, P. and {Grevesse}, N. and {Asplund}, M. and {Sauval}, A.~J. and {Lind}, K. and {Takeda}, Y. and {Collet}, R. and {Trampedach}, R. and {Hayek}, W.},
  journal = {\aap},
  month = {jan},
  pages = {A25},
  title = {{The elemental composition of the Sun. I. The intermediate mass elements Na to Ca}},
  volume = {573},
  year = {2015},
}


@article{2015A&A...573A..26S,
  author = {{Scott}, P. and {Asplund}, M. and {Grevesse}, N. and {Bergemann}, M. and {Sauval}, A.~J.},
  journal = {\aap},
  month = {jan},
  pages = {A26},
  title = {{The elemental composition of the Sun. II. The iron group elements Sc to Ni}},
  volume = {573},
  year = {2015},
}


@article{undefined,
  author = {{Asplund}, M. and {Grevesse}, N. and {Sauval}, A.~J. and {Scott}, P.},
  journal = {\araa},
  month = {sep},
  pages = {481-522},
  title = {{The Chemical Composition of the Sun}},
  volume = {47},
  year = {2009},
}
